<record><leader>00000cas a22000007a 4500</leader><controlfield tag="001">13388522</controlfield><controlfield tag="008">860403c19869999riuwr ne      0   a0eng d</controlfield><datafield ind1=" " ind2=" " tag="010"><subfield code="a">sn 86014007 </subfield></datafield><datafield ind1=" " ind2=" " tag="040"><subfield code="a">NSD</subfield><subfield code="b">eng</subfield><subfield code="c">NSD</subfield><subfield code="d">RHN</subfield><subfield code="d">OCLCQ</subfield><subfield code="d">SLV</subfield><subfield code="d">OCLCQ</subfield><subfield code="d">OCLCO</subfield><subfield code="d">OCLCF</subfield><subfield code="d">OCLCA</subfield></datafield><datafield ind1=" " ind2=" " tag="012"><subfield code="j">0</subfield><subfield code="k">1</subfield><subfield code="l">1</subfield><subfield code="m">1</subfield></datafield><datafield ind1="0" ind2=" " tag="022"><subfield code="a">0887-8226</subfield><subfield code="l">0887-8226</subfield><subfield code="2">1</subfield></datafield><datafield ind1="1" ind2=" " tag="029"><subfield code="a">NZ1</subfield><subfield code="b">6800896</subfield></datafield><datafield ind1="1" ind2=" " tag="029"><subfield code="a">NZ1</subfield><subfield code="b">11153347</subfield></datafield><datafield ind1="1" ind2=" " tag="029"><subfield code="a">AU@</subfield><subfield code="b">000025336109</subfield></datafield><datafield ind1="1" ind2=" " tag="029"><subfield code="a">NZ1</subfield><subfield code="b">16074026</subfield></datafield><datafield ind1=" " ind2=" " tag="032"><subfield code="a">002254</subfield><subfield code="b">USPS</subfield></datafield><datafield ind1=" " ind2=" " tag="037"><subfield code="b">Providence Business News, 222 Richmond St., Providence, RI 02903-4288</subfield></datafield><datafield ind1=" " ind2=" " tag="042"><subfield code="a">nsdp</subfield><subfield code="a">msc</subfield></datafield><datafield ind1=" " ind2=" " tag="043"><subfield code="a">n-us-ri</subfield></datafield><datafield ind1="1" ind2="0" tag="082"><subfield code="a">338</subfield><subfield code="2">11</subfield></datafield><datafield ind1="0" ind2=" " tag="210"><subfield code="a">Provid. bus. news</subfield></datafield><datafield ind1=" " ind2="0" tag="222"><subfield code="a">Providence business news</subfield></datafield><datafield ind1="0" ind2="0" tag="245"><subfield code="a">Providence business news.</subfield></datafield><datafield ind1=" " ind2=" " tag="260"><subfield code="a">Providence, R.I. :</subfield><subfield code="b">Providence Business News</subfield></datafield><datafield ind1=" " ind2=" " tag="300"><subfield code="a">v.</subfield></datafield><datafield ind1=" " ind2=" " tag="310"><subfield code="a">Weekly</subfield></datafield><datafield ind1="0" ind2=" " tag="362"><subfield code="a">Vol. 1, no. 1 (May 5, 1986)-</subfield></datafield><datafield ind1=" " ind2="0" tag="650"><subfield code="a">Business</subfield><subfield code="v">Periodicals.</subfield></datafield><datafield ind1=" " ind2="0" tag="651"><subfield code="a">Rhode Island</subfield><subfield code="x">Economic conditions</subfield><subfield code="v">Periodicals.</subfield></datafield><datafield ind1=" " ind2="4" tag="651"><subfield code="a">Providence (R.I.)</subfield><subfield code="v">Newspapers.</subfield></datafield><datafield ind1=" " ind2="7" tag="655"><subfield code="a">Periodicals.</subfield><subfield code="2">fast</subfield><subfield code="0">(OCoLC)fst01411641</subfield></datafield><datafield ind1=" " ind2="7" tag="650"><subfield code="a">Business.</subfield><subfield code="2">fast</subfield><subfield code="0">(OCoLC)fst00842262</subfield></datafield><datafield ind1=" " ind2="7" tag="650"><subfield code="a">Economic history.</subfield><subfield code="2">fast</subfield><subfield code="0">(OCoLC)fst00901974</subfield></datafield><datafield ind1=" " ind2="7" tag="651"><subfield code="a">Rhode Island.</subfield><subfield code="2">fast</subfield><subfield code="0">(OCoLC)fst01204599</subfield></datafield><datafield ind1=" " ind2=" " tag="752"><subfield code="a">United States</subfield><subfield code="b">Rhode Island</subfield><subfield code="c">Providence</subfield><subfield code="d">Providence.</subfield></datafield></record>